<record><leader>00000cas a22000007a 4500</leader><controlfield tag="001">19379322</controlfield><controlfield tag="008">890317d19141918nduwr ne      0    0eng d</controlfield><datafield ind1=" " ind2=" " tag="010"><subfield code="a">sn 89074059 </subfield></datafield><datafield ind1=" " ind2=" " tag="040"><subfield code="a">NOP</subfield><subfield code="b">eng</subfield><subfield code="c">NOP</subfield><subfield code="d">OCLCQ</subfield></datafield><datafield ind1=" " ind2=" " tag="042"><subfield code="a">msc</subfield></datafield><datafield ind1="0" ind2="0" tag="245"><subfield code="a">Minot weekly optic-reporter.</subfield></datafield><datafield ind1=" " ind2=" " tag="260"><subfield code="a">Minot, N.D. :</subfield><subfield code="b">[s.n.]</subfield></datafield><datafield ind1=" " ind2=" " tag="300"><subfield code="a">v. :</subfield><subfield code="b">ill. ;</subfield><subfield code="c">53-59 cm.</subfield></datafield><datafield ind1=" " ind2=" " tag="310"><subfield code="a">Weekly</subfield></datafield><datafield ind1="1" ind2=" " tag="362"><subfield code="a">Began in May 1914; ceased in 1918?</subfield></datafield><datafield ind1=" " ind2=" " tag="500"><subfield code="a">"Comprising Minot weekly optic official paper of Minot and Ward County reporter official paper of Ward County."</subfield></datafield><datafield ind1=" " ind2=" " tag="515"><subfield code="a">Also bears numbering of the Minot weekly optic, Vol. 18, no. 23-</subfield></datafield><datafield ind1=" " ind2=" " tag="530"><subfield code="a">Available on microfilm from the State Historical Society of North Dakota.</subfield></datafield><datafield ind1=" " ind2=" " tag="588"><subfield code="a">Description based on: Vol. 31, no. 44 (May 28, 1914).</subfield></datafield><datafield ind1=" " ind2=" " tag="752"><subfield code="a">United States</subfield><subfield code="b">North Dakota</subfield><subfield code="c">Ward</subfield><subfield code="d">Minot.</subfield></datafield><datafield ind1="0" ind2=" " tag="775"><subfield code="t">Minot daily optic-reporter (Minot, N.D. : 1914)</subfield><subfield code="w">(DLC)sn 89074032</subfield></datafield><datafield ind1="0" ind2=" " tag="775"><subfield code="t">Minot daily optic-reporter (Minot, N.D. : 1916)</subfield><subfield code="w">(DLC)sn 89074035</subfield></datafield><datafield ind1="0" ind2="4" tag="780"><subfield code="t">Minot weekly optic</subfield><subfield code="w">(DLC)sn 89074025</subfield></datafield><datafield ind1="0" ind2="4" tag="780"><subfield code="t">Ward County reporter (Minot, N.D. : 1896)</subfield><subfield code="w">(DLC)sn 89074022</subfield></datafield></record>